%YAML 1.1
%TAG !u! tag:unity3d.com,2011:
--- !u!1 &939796306657047848
GameObject:
  m_ObjectHideFlags: 0
  m_CorrespondingSourceObject: {fileID: 0}
  m_PrefabInstance: {fileID: 0}
  m_PrefabAsset: {fileID: 0}
  serializedVersion: 6
  m_Component:
  - component: {fileID: 939796306657047851}
  - component: {fileID: 1720503015699399944}
  - component: {fileID: 939796306657047853}
  - component: {fileID: 939796306657047852}
  - component: {fileID: 939796306657047855}
  m_Layer: 0
  m_Name: Destruction Controllers
  m_TagString: Untagged
  m_Icon: {fileID: 0}
  m_NavMeshLayer: 0
  m_StaticEditorFlags: 2147483647
  m_IsActive: 1
--- !u!4 &939796306657047851
Transform:
  m_ObjectHideFlags: 0
  m_CorrespondingSourceObject: {fileID: 0}
  m_PrefabInstance: {fileID: 0}
  m_PrefabAsset: {fileID: 0}
  m_GameObject: {fileID: 939796306657047848}
  m_LocalRotation: {x: 0, y: 0, z: 0, w: 1}
  m_LocalPosition: {x: 0, y: 0, z: 0}
  m_LocalScale: {x: 1, y: 1, z: 1}
  m_ConstrainProportionsScale: 0
  m_Children: []
  m_Father: {fileID: 0}
  m_RootOrder: 0
  m_LocalEulerAnglesHint: {x: 0, y: 0, z: 0}
--- !u!114 &1720503015699399944
MonoBehaviour:
  m_ObjectHideFlags: 0
  m_CorrespondingSourceObject: {fileID: 0}
  m_PrefabInstance: {fileID: 0}
  m_PrefabAsset: {fileID: 0}
  m_GameObject: {fileID: 939796306657047848}
  m_Enabled: 1
  m_EditorHideFlags: 0
  m_Script: {fileID: 11500000, guid: a2ce36d5bc7401a48a28069d511fa441, type: 3}
  m_Name: 
  m_EditorClassIdentifier: 
  mapData: {fileID: 11400000, guid: cd199acaabb412548abeca6b73095c8e, type: 2}
  view: {fileID: 0}
--- !u!114 &939796306657047853
MonoBehaviour:
  m_ObjectHideFlags: 0
  m_CorrespondingSourceObject: {fileID: 0}
  m_PrefabInstance: {fileID: 0}
  m_PrefabAsset: {fileID: 0}
  m_GameObject: {fileID: 939796306657047848}
  m_Enabled: 1
  m_EditorHideFlags: 0
  m_Script: {fileID: 11500000, guid: ffe216757225dc9478fee01bbba03912, type: 3}
  m_Name: 
  m_EditorClassIdentifier: 
  userInputID: dust layer
  destructorID: hammer
  view: {fileID: 0}
--- !u!114 &939796306657047852
MonoBehaviour:
  m_ObjectHideFlags: 0
  m_CorrespondingSourceObject: {fileID: 0}
  m_PrefabInstance: {fileID: 0}
  m_PrefabAsset: {fileID: 0}
  m_GameObject: {fileID: 939796306657047848}
  m_Enabled: 1
  m_EditorHideFlags: 0
  m_Script: {fileID: 11500000, guid: 5ea5051bd0cc35140885a1ce44b7557e, type: 3}
  m_Name: 
  m_EditorClassIdentifier: 
  userInputID: dust layer
  destructorID: dynamite
  view: {fileID: 0}
--- !u!114 &939796306657047855
MonoBehaviour:
  m_ObjectHideFlags: 0
  m_CorrespondingSourceObject: {fileID: 0}
  m_PrefabInstance: {fileID: 0}
  m_PrefabAsset: {fileID: 0}
  m_GameObject: {fileID: 939796306657047848}
  m_Enabled: 1
  m_EditorHideFlags: 0
  m_Script: {fileID: 11500000, guid: 981a6f702d4f5f045a6736fa08817d06, type: 3}
  m_Name: 
  m_EditorClassIdentifier: 
  userInputID: dust layer
  destructorID: tnt
  view: {fileID: 0}
